@MISC{FCCTomWheeler,
	author =       {Wheeler, Tom},
	title =        {FCC Chairman Tom Wheeler: This Is How We Will Ensure Net Neutrality},
	editor =       {Wired.com},
	month =        {February},
	year =         {2015},
	url = {http://www.wired.com/2015/02/fcc-chairman-wheeler-net-neutrality/},
	note =         {[Online; posted 04-February-2015]},
}

@MISC{ResolutionOnOpenInternet,
	author =       {TACD},
	title =        {Resolution on the open and neutral Internet},
	editor =       {PublicKnowledge.org},
	month =        {June},
	year =         {2014},
	url = {https://www.publicknowledge.org/assets/uploads/blog/TACD_InfoSoc_-_Resolution_on_the_open_and_neutral_Internet_(1).pdf},
	note =         {[Online; posted 10-June-2014]},
}

@MISC{RegulationOnInnovation,
	author =       {Stewart, Luke},
	title =        {The Impact of Regulation on Innovation in the United States: A Cross-Industry Literature Review},
	editor =       {Information Technology & Innovation Foundation},
	month =        {June},
	year =         {2010},
	url = {http://www.iom.edu/~/media/Files/Report%20Files/2011/Health-IT/Commissioned-paper-Impact-of-Regulation-on-Innovation.pdf},
	note =         {[Online; posted 10-June-2010]},
}



@MISC{inthenews,
	author =       {Stewart, Luke},
	title =        {The Impact of Regulation on Innovation in the United States: A Cross-Industry Literature Review},
	editor =       {Information Technology & Innovation Foundation},
	month =        {June},
	year =         {2010},
	url = {http://www.independent.co.uk/life-style/gadgets-and-tech/net-neutrality-in-the-uk-and-europe-what-does-the-new-legislation-mean-for-you-9238768.html},
	note =         {[Online; posted 10-June-2010]},
}










@MISC{Sandvine,
	author =       {Sandvine},
	title =        {Global Internet Phenomena Report - 1H 2014},
	editor =       {Sandvine.com},
	month =        {August},
	year =         {2014},
	url = {https://www.sandvine.com/downloads/general/global-internet-phenomena/2014/1h-2014-global-internet-phenomena-report.pdf},
	note =         {[Online; posted 10-August-2014]},
}
@MISC{gigaom,
	author =       {Connoly, Darlene},
	title =        {Controversy in the Maldives},
	editor =       {Surfline.com},
	month =        {August},
	year =         {2012},
	url = {https://gigaom.com/2014/04/03/european-parliament-passes-strong-net-neutrality-law-along-with-major-roaming-reforms/},
	note =         {[Online; posted 27-August-2012]},
}


@MISC{tandlInfographic,
	author =       {Connoly, Darlene},
	title =        {Controversy in the Maldives},
	editor =       {Surfline.com},
	month =        {August},
	year =         {2012},
	url = {http://trafficandleadgenerator.com/images/infographics/net-neutrality-defined.pdf},
	note =         {[Online; posted 27-August-2012]},
}

@article{economics,
	author={Baltatescu,Ionela},
	year={2014},
	title={THE ECONOMICS OF NET NEUTRALITY: POLICY ISSUES},
	journal={Knowledge Horizons.Economics},
	volume={6},
	number={2},
	pages={114-118},
	keywords={Business And Economics; Studies; Internet access; Regulation; Economic impact; Policy making; United States--US; 9130:Experiment/theoretical treatment; 4310:Regulation; 5250:Telecommunications systems & Internet communications; 1110:Economic conditions & forecasts; 9190:United States},
	isbn={20690932},
	language={English},
	url={http://search.proquest.com/docview/1537380895?accountid=6667},
}
}















